<record><leader>00000cas a22000007a 4500</leader><controlfield tag="001">10365616</controlfield><controlfield tag="008">840202c18629999pauwr ne      0    0eng d</controlfield><datafield ind1=" " ind2=" " tag="010"><subfield code="a">sn 84026115 </subfield></datafield><datafield ind1=" " ind2=" " tag="040"><subfield code="a">NPU</subfield><subfield code="b">eng</subfield><subfield code="c">NPU</subfield><subfield code="d">NPH</subfield><subfield code="d">NPX</subfield><subfield code="d">PBU</subfield><subfield code="d">OCLCQ</subfield></datafield><datafield ind1=" " ind2=" " tag="042"><subfield code="a">msc</subfield></datafield><datafield ind1="0" ind2="0" tag="245"><subfield code="a">Mifflinburg telegraph.</subfield></datafield><datafield ind1=" " ind2=" " tag="260"><subfield code="a">Mifflinburg, Pa. :</subfield><subfield code="b">C.E. Haus and Jos. J.R. Orwig,</subfield><subfield code="c">1862-</subfield></datafield><datafield ind1=" " ind2=" " tag="300"><subfield code="a">v. ;</subfield><subfield code="c">38-61 cm.</subfield></datafield><datafield ind1=" " ind2=" " tag="310"><subfield code="a">Weekly</subfield></datafield><datafield ind1="0" ind2=" " tag="362"><subfield code="a">Vol. 1, no. 1 (June 10, 1862)-</subfield></datafield><datafield ind1=" " ind2=" " tag="500"><subfield code="a">Publishers: Joseph J.R. Orwig, &lt;1866&gt;; Joseph R. Orwig, &lt;1869-1871&gt;; Orwig &amp; Stees, &lt;1872&gt;; George W. Schock, &lt;1873-1879&gt;.</subfield></datafield><datafield ind1=" " ind2=" " tag="500"><subfield code="a">"Union," &lt;1863&gt;; "Republican," &lt;1864-1879&gt;.</subfield></datafield><datafield ind1=" " ind2=" " tag="500"><subfield code="a">Editors: C.E. Haus, 1862-&lt;1865&gt;; Joseph J.R. Orwig, 1862-&lt;1866&gt;; Joseph R. Orwig, &lt;1869-1872&gt;; John I. Stees, &lt;1872&gt;; George W. Schock, &lt;1876-1879&gt;.</subfield></datafield><datafield ind1=" " ind2="0" tag="650"><subfield code="a">Internet links in the Bertrand Library catalog.</subfield></datafield><datafield ind1=" " ind2=" " tag="752"><subfield code="a">United States</subfield><subfield code="b">Pennsylvania</subfield><subfield code="c">Union</subfield><subfield code="d">Mifflinburg.</subfield></datafield><datafield ind1="1" ind2=" " tag="029"><subfield code="a">AU@</subfield><subfield code="b">000025840452</subfield></datafield></record>